[gd_scene load_steps=14 format=2]

[ext_resource path="res://Assets/kenney_platformercharacters/PNG/Female/female_tilesheet.png" type="Texture" id=1]
[ext_resource path="res://Assets/kenney_platformercharacters/PNG/Female/female_tilesheet_2.png" type="Texture" id=2]

[sub_resource type="RectangleShape2D" id=1]
extents = Vector2( 10, 7.49192 )

[sub_resource type="AtlasTexture" id=5]
flags = 4
atlas = ExtResource( 1 )
region = Rect2( 0, 0, 80, 110 )

[sub_resource type="AtlasTexture" id=10]
flags = 4
atlas = ExtResource( 2 )
region = Rect2( 560, 0, 80, 110 )

[sub_resource type="AtlasTexture" id=2]
flags = 4
atlas = ExtResource( 1 )
region = Rect2( 0, 110, 80, 110 )

[sub_resource type="AtlasTexture" id=3]
flags = 4
atlas = ExtResource( 1 )
region = Rect2( 80, 110, 80, 110 )

[sub_resource type="AtlasTexture" id=6]
flags = 4
atlas = ExtResource( 2 )
region = Rect2( 560, 110, 80, 110 )

[sub_resource type="AtlasTexture" id=7]
flags = 4
atlas = ExtResource( 2 )
region = Rect2( 640, 110, 80, 110 )

[sub_resource type="AtlasTexture" id=8]
flags = 4
atlas = ExtResource( 1 )
region = Rect2( 400, 220, 80, 110 )

[sub_resource type="AtlasTexture" id=9]
flags = 4
atlas = ExtResource( 2 )
region = Rect2( 240, 220, 80, 110 )

[sub_resource type="AtlasTexture" id=11]
flags = 4
atlas = ExtResource( 1 )
region = Rect2( 80, 0, 80, 110 )

[sub_resource type="SpriteFrames" id=4]
animations = [ {
"frames": [ SubResource( 5 ) ],
"loop": true,
"name": "idle",
"speed": 5.0
}, {
"frames": [ SubResource( 10 ) ],
"loop": true,
"name": "jump_kiri",
"speed": 5.0
}, {
"frames": [ SubResource( 2 ), SubResource( 3 ) ],
"loop": true,
"name": "jalan_kanan",
"speed": 5.0
}, {
"frames": [ SubResource( 6 ), SubResource( 7 ) ],
"loop": true,
"name": "jalan_kiri",
"speed": 5.0
}, {
"frames": [ SubResource( 8 ) ],
"loop": true,
"name": "idle_kanan",
"speed": 5.0
}, {
"frames": [ SubResource( 9 ) ],
"loop": true,
"name": "idle_kiri",
"speed": 5.0
}, {
"frames": [ SubResource( 11 ) ],
"loop": true,
"name": "jump_kanan",
"speed": 5.0
} ]

[node name="KinematicBody2D" type="KinematicBody2D"]

[node name="CollisionShape2D" type="CollisionShape2D" parent="."]
position = Vector2( -1, 7 )
scale = Vector2( 2.91161, 6.70327 )
shape = SubResource( 1 )

[node name="AnimatedSprite" type="AnimatedSprite" parent="."]
frames = SubResource( 4 )
animation = "jump_kiri"
